% This file was created with JabRef 2.9.2.
% Encoding: UTF-8

@STANDARD{rfc:yaml,
  title = {YAML Ain’t Markup Language (YAML™)},
  author = {Oren Ben-Kiki and Clark Evans and Ingy döt Net},
  howpublished = {[online]},
  number = {1.2},
  revision = {3},
  month = oct,
  year = {2009},
  url = {http://yaml.org/spec/1.2/spec.html},
  owner = {kozzi},
  timestamp = {2013.04.18}
}

@INCOLLECTION{odmg,
  author = {Mark Berler and Jeff Eastman and David Jordan and Craig Russell and
	Olaf Schadow and Torsten Stanienda and Fernando Velez},
  title = {The Object Data Standard: ODMG 3.0},
  booktitle = {Data Management Systems},
  publisher = {Morgan Kaufmann},
  year = {2000},
  editor = {R. G. Cattell and Douglas K. Barry},
  series = {Morgan Kaufmann Series},
  pages = {280},
  address = {San Francisco (CA)},
  edition = {1},
  month = feb,
  howpublished = {[online]},
  isbn = {978-1558606470},
  owner = {kozzi},
  timestamp = {2012.05.10},
  url = {http://www.odbms.org/odmg/OG/book.aspx}
}

@ELECTRONIC{jpa:spec,
  author = {Linda DeMichiel},
  month = dec,
  year = {2009},
  title = {JSR 317: JavaTM Persistence API, Version 2.0},
  howpublished = {[online]},
  organization = {Sun Microsystems, Inc.},
  address = {4150 Network Circle, Santa Clara, California 95054, U.S.A},
  url = {http://download.oracle.com/otndocs/jcp/persistence-2.0-fr-eval-oth-JSpec/},
  owner = {kozzi}
}

@BOOK{ezzio:uujdo,
  title = {Using and Understanding Java Data Objects},
  publisher = {Apress},
  year = {2003},
  editor = {Julianna Scott Fein},
  author = {David Ezzio},
  pages = {456},
  edition = {1},
  month = jun,
  isbn = {978-1590590430},
  owner = {kozzi},
  timestamp = {2012.05.09}
}

@INCOLLECTION{fisher:jdbc,
  author = {Maydene Fisher and Jon Ellis and Jonathan Bruce},
  title = {JDBC™ API Tutorial and Reference},
  publisher = {Prentice Hall},
  year = {2003},
  series = {The Java Series..from the Source™},
  pages = {1280},
  edition = {3},
  month = jun,
  isbn = {978-0321173843},
  owner = {kozzi},
  timestamp = {2012.05.09}
}

@INBOOK{hess:pract,
  chapter = {5},
  pages = {67-86},
  title = {Practical virtualization solutions: Virtualization from the Trenches},
  publisher = {Prentice Hall/Pearson Education},
  year = {2010},
  author = {Kenneth Hess and Amy Newman},
  series = {Negus Software Solutions},
  isbn = {978-0-13-714297-2 },
  owner = {kozzi},
  timestamp = {2012.05.09}
}

@INPROCEEDINGS{huynh:kvm,
  author = {Khoa Huynh and Stefan Hajnoczi},
  title = {KVM / QEMU Storage Stack Performance Discussion},
  booktitle = {Linux Plumbers Conference},
  year = {2010},
  organization = {IBM Corporation},
  owner = {kozzi},
  timestamp = {2012.05.09},
  url = {http://www.tdeig.ch/kvm/pasche/43_Storage.pdf}
}

@BOOK{jordan:jdo,
  title = {Java Data Objects},
  publisher = {Packt Publishing},
  year = {2003},
  author = {David Jordan and Craig Russel},
  pages = {380},
  address = {1005 Gravenstein Highway North, Sebastopol, CA 95472},
  edition = {1},
  month = apr,
  isbn = {978-0596002763},
  owner = {kozzi},
  timestamp = {2012.05.09}
}

@INPROCEEDINGS{kivity:kvm,
  author = {Avi Kivity and Yaniv Kamay and Dor Laor and Uri Lublin and Anthony
	Liguori},
  title = {kvm: the Linux Virtual Machine Monitor},
  booktitle = {Proceedings of the Linux Symposium},
  year = {2007},
  address = {Ottawa, Ontario Canada},
  month = {June},
  owner = {kozzi},
  timestamp = {2012.05.09},
  url = {http://www.linux-kvm.com/sites/default/files/kivity-Reprint.pdf}
}

@ARTICLE{matyska,
  author = {Luděk Matyska},
  title = {Techniky virtualizace počítačů (2)},
  journal = {Zpravodaj ÚVT MU},
  year = {2007},
  volume = {XVII},
  pages = {9-12},
  number = {3},
  owner = {kozzi},
  timestamp = {2012.05.15}
}

@STANDARD{rfc:ebml,
  title = {Extensible Binary Markup Language},
  organization = {Matroska},
  author = {Martin Nilsson},
  howpublished = {[online]},
  month = mar,
  year = {2004},
  url = {http://matroska.org/technical/specs/rfc/index.html}
}

@INBOOK{donahue:jdpb,
  chapter = {4},
  pages = {702},
  title = {Java Database Programming Bible},
  publisher = {John Wiley \& Sons},
  year = {2002},
  author = {John O'Donahue},
  edition = {1},
  month = jul,
  isbn = {978-0764549243},
  owner = {kozzi},
  timestamp = {2012.05.09}
}

@INPROCEEDINGS{xen:sym,
  author = {Ian Pratt and Paul Barham and Boris Dragovic and Keir Fraser and
	Steven Hand and Tim Harris and Alex Ho and Rolf Neugebauer and Andrew
	Warfield},
  title = {Xen and the Art of Virtualization},
  booktitle = {Symposium on Operating Systems Principles},
  year = {2003},
  address = {University of Cambridge Computer Laboratory 15 JJ Thomson Avenue,
	Cambridge, UK, CB3 0FD},
  month = {Říjen},
  owner = {kozzi},
  timestamp = {2012.05.09},
  url = {http://www.cl.cam.ac.uk/research/srg/netos/papers/2003-xensosp.pdf}
}

@BOOK{roos:jdo,
  title = {Java Data Objects},
  publisher = {Pearson Education},
  year = {2002},
  editor = {Simon Plumtree},
  author = {Robin Roos},
  pages = {272},
  edition = {1},
  month = oct,
  isbn = {978-0321123800},
  owner = {kozzi},
  timestamp = {2012.05.09}
}

@STANDARD{rfc:2713,
  title = {Schema for Representing Java™ Objects in an LDAP Directory},
  organization = {Sun Microsystems, Inc.},
  institution = {IETF},
  author = {V. Ryan and S. Seligman and R. Lee},
  howpublished = {[online]},
  month = oct,
  year = {1999},
  url = {http://tools.ietf.org/html/rfc2713}
}

@STANDARD{w3c:exi,
  title = {Efficient XML Interchange (EXI) Format 1.0},
  organization = {W3C},
  author = {John Schneider and Takuki Kamiya},
  howpublished = {[online]},
  month = mar,
  year = {2011},
  url = {http://www.w3.org/TR/2011/REC-exi-20110310/}
}

@BOOK{korth:dbsc,
  title = {Database System Concepts},
  publisher = {McGraw-Hill},
  year = {2010},
  editor = {George Watson},
  author = {Abraham Silberschatz and Henry F. Korth and S. Sudarshan},
  edition = {6},
  isbn = {978-0073523323},
  owner = {kozzi},
  timestamp = {2012.11.18}
}

@MISC{tomecek:lvs,
  author = {Jaroslav Tomeček},
  title = {Linux-VServer -- instalace a spuštění},
  howpublished = {[online]},
  year = {7.8.2007},
  owner = {kozzi},
  publisher = {AbcLinuxu},
  timestamp = {2012.05.10},
  url = {http://www.abclinuxu.cz/clanky/system/linux-vserver-instalace-a-spusteni}
}

@MISC{tomecek:ovz,
  author = {Jaroslav Tomeček},
  title = {OpenVZ -- instalace a spuštění},
  howpublished = {[online]},
  year = {15.8.2007},
  owner = {kozzi},
  publisher = {AbcLinuxu},
  timestamp = {2012.05.10},
  url = {http://www.abclinuxu.cz/clanky/system/openvz-instalace-a-spusteni}
}

@BOOK{tyagi:cjdo,
  title = {Core Java Data Objects},
  publisher = {Prentice Hall},
  year = {2003},
  editor = {Mary Sudul},
  author = {Sameer Tyagi and Keiron McCammon and Michael Vorburger and Heiko
	Bobzin},
  pages = {576},
  address = {901 San Antonio Road, Palo Alto, California},
  edition = {1},
  month = sep,
  isbn = {978-0131407312},
  owner = {kozzi},
  timestamp = {2012.05.09}
}

@ELECTRONIC{bson:spec,
  title = {Binary JSON},
  howpublished = {[online]},
  url = {http://bsonspec.org/#/specification},
  booktitle = {Wikipedia: the free encyclopedia},
  owner = {kozzi},
  publisher = {Wikimedia Foundation},
  timestamp = {2012.05.10}
}

@INCOLLECTION{wiki:swizz,
  title = {Pointer swizzling},
  booktitle = {Wikipedia: the free encyclopedia},
  publisher = {Wikimedia Foundation},
  year = {31.12.2012},
  address = {San Francisco (CA)},
  howpublished = {[online]},
  owner = {kozzi},
  timestamp = {2012.05.10},
  url = {http://en.wikipedia.org/wiki/Pointer_swizzling}
}

@comment{jabref-meta: selector_review:}

@comment{jabref-meta: selector_publisher:}

@comment{jabref-meta: selector_author:}

@comment{jabref-meta: selector_journal:}

@comment{jabref-meta: selector_keywords:}

